<record><leader>00000cas a2200000 a 4500</leader><controlfield tag="001">10466313</controlfield><controlfield tag="008">840228d18661894ctudn ne      0    0eng d</controlfield><datafield ind1=" " ind2=" " tag="010"><subfield code="a">sn 84022535 </subfield></datafield><datafield ind1=" " ind2=" " tag="040"><subfield code="a">NPX</subfield><subfield code="b">eng</subfield><subfield code="c">NPX</subfield><subfield code="d">NPU</subfield><subfield code="d">NPY</subfield><subfield code="d">YOX</subfield><subfield code="d">KNP</subfield><subfield code="d">CNW</subfield><subfield code="d">OCL</subfield><subfield code="d">OCLCQ</subfield><subfield code="d">UBY</subfield><subfield code="d">KRTAS</subfield><subfield code="d">OCLCQ</subfield><subfield code="d">OCLCF</subfield><subfield code="d">OCLCO</subfield></datafield><datafield ind1="1" ind2=" " tag="029"><subfield code="a">AU@</subfield><subfield code="b">000024693261</subfield></datafield><datafield ind1=" " ind2=" " tag="042"><subfield code="a">msc</subfield></datafield><datafield ind1=" " ind2=" " tag="043"><subfield code="a">n-us-ct</subfield></datafield><datafield ind1="0" ind2="0" tag="245"><subfield code="a">Waterbury daily American.</subfield></datafield><datafield ind1="1" ind2="3" tag="246"><subfield code="a">Evening American</subfield><subfield code="f">May 6-Nov. 3, 1876</subfield></datafield><datafield ind1="1" ind2="3" tag="246"><subfield code="a">Daily American</subfield><subfield code="f">Nov. 4, 1876-Apr. 27, 1878</subfield></datafield><datafield ind1=" " ind2=" " tag="260"><subfield code="a">Waterbury, Conn. :</subfield><subfield code="b">E.B. Cooke &amp; Co.,</subfield><subfield code="c">1866-</subfield></datafield><datafield ind1=" " ind2=" " tag="300"><subfield code="a">v. :</subfield><subfield code="b">ill. (chiefly advertisements) ;</subfield><subfield code="c">58 cm.</subfield></datafield><datafield ind1=" " ind2=" " tag="310"><subfield code="a">Daily (except Sun.)</subfield></datafield><datafield ind1="0" ind2=" " tag="362"><subfield code="a">Vol. 1, no. 1 (May 22, 1866)-v. 12, no. 287 (Apr. 27, 1878) ; no. 3,661 (Apr. 29, 1878)-Aug. 4, 1894.</subfield></datafield><datafield ind1=" " ind2=" " tag="500"><subfield code="a">"Reform Republican."</subfield></datafield><datafield ind1=" " ind2=" " tag="500"><subfield code="a">Publisher: American Printing Co., 1868-&lt;1881&gt;.</subfield></datafield><datafield ind1=" " ind2=" " tag="515"><subfield code="a">Issues for May 22, 1867-Nov. 25, 1881 also called: Whole no. 309-180.</subfield></datafield><datafield ind1=" " ind2=" " tag="515"><subfield code="a">Issues for Jan. 3, 1881-1894 lack numbering.</subfield></datafield><datafield ind1=" " ind2=" " tag="530"><subfield code="a">Available on microfilm from UMI and New England Micrographics, Marlboro, Mass.</subfield></datafield><datafield ind1=" " ind2=" " tag="580"><subfield code="a">Weekly eds.: Waterbury American (Waterbury, Conn. : 1845), 1866-18, and: Waterbury weekly American, 18 -1894.</subfield></datafield><datafield ind1=" " ind2="0" tag="651"><subfield code="a">Waterbury (Conn.)</subfield><subfield code="v">Newspapers.</subfield></datafield><datafield ind1=" " ind2="7" tag="655"><subfield code="a">Newspapers.</subfield><subfield code="2">fast</subfield><subfield code="0">(OCoLC)fst01423814</subfield></datafield><datafield ind1=" " ind2="7" tag="651"><subfield code="a">Connecticut</subfield><subfield code="z">Waterbury.</subfield><subfield code="2">fast</subfield><subfield code="0">(OCoLC)fst01206504</subfield></datafield><datafield ind1=" " ind2=" " tag="752"><subfield code="a">United States</subfield><subfield code="b">Connecticut</subfield><subfield code="c">New Haven</subfield><subfield code="d">Waterbury.</subfield></datafield><datafield ind1="1" ind2=" " tag="775"><subfield code="t">Waterbury American (Waterbury, Conn. : 1845)</subfield><subfield code="w">(DLC)sn 84022542</subfield><subfield code="w">(OCoLC)10466521</subfield></datafield><datafield ind1="1" ind2=" " tag="775"><subfield code="t">Waterbury weekly American</subfield><subfield code="w">(DLC)sn 93053700</subfield></datafield><datafield ind1="0" ind2="0" tag="780"><subfield code="t">Waterbury daily chronicle</subfield><subfield code="w">(DLC)sn 84022544</subfield></datafield><datafield ind1="0" ind2="0" tag="785"><subfield code="t">Waterbury American (Waterbury, Conn. : 1894)</subfield><subfield code="w">(DLC)sn 82016392</subfield><subfield code="w">(OCoLC)9309691</subfield></datafield><datafield ind1=" " ind2=" " tag="938"><subfield code="a">Kirtas Technologies, Inc.</subfield><subfield code="b">KRTS</subfield><subfield code="n">738219</subfield></datafield></record>